@article{holzmann97,
  title={The model checker SPIN},
  author={Holzmann, Gerard J},
  journal={Software Engineering, IEEE Transactions on},
  volume={23},
  number={5},
  pages={279--295},
  year={1997},
  publisher={IEEE}
}
@article{pogosyants00,
  title={Verification of the randomized consensus algorithm of Aspnes and Herlihy: a case study},
  author={Pogosyants, Anna and Segala, Roberto and Lynch, Nancy},
  journal={Distributed Computing},
  volume={13},
  number={3},
  pages={155--186},
  year={2000},
  publisher={Springer}
}

@incollection{nestmann03,
  title={Modeling consensus in a process calculus},
  author={Nestmann, Uwe and Fuzzati, Rachele and Merro, Massimo},
  booktitle={CONCUR 2003-Concurrency Theory},
  pages={399--414},
  year={2003},
  publisher={Springer}
}

@article{win04,
  title={Using simulated execution in verifying distributed algorithms},
  author={Win, Toh Ne and Ernst, Michael D and Garland, Stephen J and K{\i}rl{\i}, Dilsun and Lynch, Nancy A},
  journal={International Journal on Software Tools for Technology Transfer},
  volume={6},
  number={1},
  pages={67--76},
  year={2004},
  publisher={Springer}
}

@incollection{hendriks05,
  title={Model checking the time to reach agreement},
  author={Hendriks, Martijn},
  booktitle={Formal Modeling and Analysis of Timed Systems},
  pages={98--111},
  year={2005},
  publisher={Springer}
}

@inproceedings{zielinski07,
  title={Automatic verification and discovery of byzantine consensus protocols},
  author={Zielinski, Piotr},
  booktitle={Dependable Systems and Networks, 2007. DSN'07. 37th Annual IEEE/IFIP International Conference on},
  pages={72--81},
  year={2007},
  organization={IEEE}
}

@inproceedings{kwiatkowska01,
  title={Automated Verification of a Randomized Distributed Consensus Protocol Using Cadence SMV and PRISM?},
  author={Kwiatkowska, Marta and Norman, Gethin and Segala, Roberto},
  booktitle={Computer Aided Verification},
  pages={194--206},
  year={2001},
  organization={Springer}
}

@article{santoro07,
  title={Agreement in synchronous networks with ubiquitous faults},
  author={Santoro, Nicola and Widmayer, Peter},
  journal={Theoretical Computer Science},
  volume={384},
  number={2},
  pages={232--249},
  year={2007},
  publisher={Elsevier}
}
@incollection{santoro89,
  title={Time is not a healer},
  author={Santoro, Nicola and Widmayer, Peter},
  booktitle={STACS 89},
  pages={304--313},
  year={1989},
  publisher={Springer}
}

@inproceedings{schmid01,
  title={How to model link failures: A perception-based fault model},
  author={Schmid, Ulrich},
  booktitle={Dependable Systems and Networks, 2001. DSN 2001. International Conference on},
  pages={57--66},
  year={2001},
  organization={IEEE}
}

@article{dolev83,
  title={Authenticated algorithms for Byzantine agreement},
  author={Dolev, Danny and Strong, H. Raymond},
  journal={SIAM Journal on Computing},
  volume={12},
  number={4},
  pages={656--666},
  year={1983},
  publisher={SIAM}
}
@article{dolev90,
  title={Early stopping in Byzantine agreement},
  author={Dolev, Danny and Reischuk, Ruediger and Strong, H Raymond},
  journal={Journal of the ACM (JACM)},
  volume={37},
  number={4},
  pages={720--741},
  year={1990},
  publisher={ACM}
}

@article{debrat12,
  title={Verifying Fault-Tolerant Distributed Algorithms in the Heard-Of Model},
  author={Debrat, Henri and Merz, Stephan and others},
  year={2012}
}

@article{lamport98,
  title={The part-time parliament},
  author={Lamport, Leslie},
  journal={ACM Transactions on Computer Systems (TOCS)},
  volume={16},
  number={2},
  pages={133--169},
  year={1998},
  publisher={ACM}
}

@inproceedings{vardi86,
  title={An automata-theoretic approach to automatic program verification},
  author={Vardi, Moshe Y and Wolper, Pierre},
  booktitle={Proceedings of the First Symposium on Logic in Computer Science},
  year={1986},
  organization={IEEE Computer Society}
}

@inproceedings{gerth95,
  title={Simple on-the-fly automatic verification of linear temporal logic},
  author={Gerth, Rob and Peled, Doron and Vardi, Moshe Y and Wolper, Pierre},
  booktitle={Proceedings of the Fifteenth IFIP WG6. 1 International Symposium on Protocol Specification, Testing and Verification},
  year={1995},
  organization={IFIP}
}
@inproceedings{gafni98,
  title={Round-by-round fault detectors (extended abstract): unifying synchrony and asynchrony},
  author={Gafni, Eli},
  booktitle={Proceedings of the seventeenth annual ACM symposium on Principles of distributed computing},
  pages={143--152},
  year={1998},
  organization={ACM}
}

@article{fischer85,
  title={Impossibility of distributed consensus with one faulty process},
  author={Fischer, Michael J and Lynch, Nancy A and Paterson, Michael S},
  journal={Journal of the ACM (JACM)},
  volume={32},
  number={2},
  pages={374--382},
  year={1985},
  publisher={ACM}
}

@article{dwork88,
  title={Consensus in the presence of partial synchrony},
  author={Dwork, Cynthia and Lynch, Nancy and Stockmeyer, Larry},
  journal={Journal of the ACM (JACM)},
  volume={35},
  number={2},
  pages={288--323},
  year={1988},
  publisher={ACM}
}
@article{charron09,
  title={The Heard-Of model: computing in distributed systems with benign faults},
  author={Charron-Bost, Bernadette and Schiper, Andr{\'e}},
  journal={Distributed Computing},
  volume={22},
  number={1},
  pages={49--71},
  year={2009},
  publisher={Springer}
}
@incollection{charron11,
  title={Formal verification of consensus algorithms tolerating malicious faults},
  author={Charron-Bost, Bernadette and Debrat, Henri and Merz, Stephan},
  booktitle={Stabilization, Safety, and Security of Distributed Systems},
  pages={120--134},
  year={2011},
  publisher={Springer}
}

@incollection{chaouch09,
  title={A reduction theorem for the verification of round-based distributed algorithms},
  author={Chaouch-Saad, Mouna and Charron-Bost, Bernadette and Merz, Stephan},
  booktitle={Reachability Problems},
  pages={93--106},
  year={2009},
  publisher={Springer}
}

@inproceedings{biely07,
  title={Tolerating corrupted communication},
  author={Biely, Martin and Widder, Josef and Charron-Bost, Bernadette and Gaillard, Antoine and Hutle, Martin and Schiper, Andr{\'e}},
  booktitle={Proceedings of the twenty-sixth annual ACM symposium on Principles of distributed computing},
  pages={244--253},
  year={2007},
  organization={ACM}
}